@misc{enciclopediaf1,
    author={{http://www.enciclopediaf1.com.br/historia/as-fases-da-formula-1}},
    title={{Enciclopédia}},
    month={11},
    year={2019},
    note = "[Online: acedido em novembro 2019]"
}
@misc{wikipedia,
    author={{https://pt.wikipedia.org/wiki/Regulamento\_da\_F\'{o}rmula\_1}},
    title={{Wikipédia}},
    month={11},
    year={2019},
    note = "[Online: acedido em novembro 2019]"
}
@misc{formula1,
    author={{https://formula1.com}},
    title={{Formula 1}},
    month={11},
    year={2019},
    note = "[Online: acedido em novembro 2019]"
}